@misc{riddle2010tamar,   
	author = {Riddle, Jeff},
	title = {Character Studies in 2 Samuel: Tamar},
	year = 2010,
	howpublished = {\url{https://bit.ly/37vW4jV}},
	urldate = {2010-06-24}, 
	note = {Accessed: 2021-08-10}
}

@misc{bible2021mary,   
	author = {{Bible Study Resources}},
	title = {Mary (Lazarus' Sister)},
	year = 2020,
	howpublished = {\url{https://bit.ly/3fMYizR}},
	urldate = {2020-10-30}, 
	note = {Accessed: 2021-08-10}
}

@misc{jehovah2021ruth,   
	author = {{jw.org}},
	title = {Ruth and Naomi},
	year = 2021,
	howpublished = {\url{https://bit.ly/3s4EFbk}},
	urldate = {2021-01-01}, 
	note = {Accessed: 2021-08-10}
}


@misc{hofmann1889rich,   
	author = {Hofmann, Heinrich},
	title = {Christ and the Rich Young Ruler},
	year = 1889,
	howpublished = {\url{https://bit.ly/3jISTLd}},
	urldate = {2016-07-07}, 
	note = {Accessed: 2021-08-10}
}


@misc{rembrandt1659jacob,   
	author = {{Rembrandt}},
	title = {Jacob Wrestling with the Angel},
	year = 1659,
	howpublished = {\url{https://bit.ly/2VKfkYn}},
	urldate = {2011-02-18}, 
	note = {Accessed: 2021-08-10}
}



@misc{zavada2019meetleah,   
	author = {Zavada, Jack},
	title = {Meet Leah: First Wife of Jacob},
	year = 2019,
	howpublished = {\url{https://bit.ly/2XisAnF}},
	urldate = {2019-12-09}, 
	note = {Accessed: 2021-08-10}
}



@misc{steen1661amnon,   
	author = {Steen, Jan},
	title = {Amnon and Tamar},
	year = 1661,
	howpublished = {\url{https://bit.ly/3yCPeVE}},
	urldate = {2017-04-06},
	note = {Accessed: 2021-08-10}
}


@misc{biblestudy2016david,   
	author = {{BibleStudyTools Staff}},
	title = {Samson and Delilah},
	year = 2016,
	howpublished = {\url{https://bit.ly/3jG4fQj}},
	urldate = {2016-02-15},
	note = {Accessed: 2021-08-10}
}

@misc{errazquin1887samson,   
	author = {Errazquin, Jos\'{e} Echenagus\'{i}a},
	title = {Samson and Delilah},
	year = 1887,
	howpublished = {\url{https://bit.ly/3fRwA53}},
	urldate = {2012-10-01},
	note = {Accessed: 2021-08-10}
}

@misc{beckstrom2015national,   
	author = {Beckstrom, Danielle},
	title = {National Geographic Names Mary the Mother of Jesus the World's Most Powerful Woman},
	year = 2015,
	howpublished = {\url{https://bit.ly/3iG9u3f}},
	urldate = {2015-12-18},
	note = {Accessed: 2021-08-10}
}

@misc{studyresources1992menwomen,   
	author = {{Bible Study Resources}},
	title = {Joseph (Jesus' Father)},
	year = 2020,
	howpublished = {\url{https://bit.ly/2VF2BpS}},
	urldate = {2020-10-30},
	note = {Accessed: 2021-08-10}
}

@book{susabda2021konseling,
  title={Konseling Pernikahan Sebuah Panduan untuk Membimbing Pasangan-Pasangan yang akan Menikah},
  author={Susabda, Yakub},
  year={2015},
  publisher={Pionir Jaya}
}

@book{crabb2013menandwomen,
  title={Men and Women: Enjoying the Difference},
  author={Crabb, Larry},
  year={2013},
  publisher={Zondervan}
}

@misc{pritchard1992menwomen,
	author = {Pritchard, Ray},
	title = {Men and Women in Biblical Perspective},
	year = 1992,
	howpublished = {\url{https://www.keepbelieving.com/sermon/men-and-women-in-biblical-perspective/}},
	urldate = {1992-10-18},
	note = {Accessed: 2019-01-31}
}

@misc{mayemotional2017,
	author = {May, Cindy},
	title = {Are Women More Emotionally Expressive Than Men?},
	year = 2017,
	howpublished = {\url{https://www.scientificamerican.com/article/are-women-more-emotionally-expressive-than-men/}},
	urldate = {2017-08-30},
	note = {Accessed: 2018-08-07}
}




@book{chapman2015love,
  title={The 5 Love Languages: The Secret to Love that Lasts},
  author={Chapman, Gary},
  year={2015},
  publisher={Northfield Publishing}
}


@misc{robbins-basic-needs-14,
	author = {Robbins, Tony},
	title = {6 Basic Needs That Make Us Tick},
	year = 2014,
	howpublished = {\url{https://www.entrepreneur.com/article/240441}},
	urldate = {2014-12-04},
	note = {Accessed: 2018-08-06}
}

@book{lipschutz1997schaum,
  title={Schaum's outline of theories and problems of discrete mathematics Third Edition},
  author={Lipschutz, S and Lipson, M},
  year={2007},
  publisher={New York, NY: McGraw-Hill}
}

@book{johnsonbaugh2009discrete,
  title={Discrete mathematics 7th (seventh) edition},
  author={Johnsonbaugh, Richard},
  year={2009},
  publisher={Pearson}
}

@book{epp2010discrete,
  title={Discrete mathematics with applications 4th edition},
  author={Epp, Susanna S},
  year={2010},
  publisher={Cengage Learning}
}

@book{rosen2011discrete,
  title={Discrete Mathematics and Its Applications 7th edition},
  author={Rosen, Kenneth},
  year={2011},
  publisher={McGraw-Hill Science}
}

@inproceedings{mccallum1998comparison,
  title={A comparison of event models for naive bayes text classification},
  author={McCallum, Andrew and Nigam, Kamal and others},
  booktitle={AAAI-98 workshop on learning for text categorization},
  volume={752},
  pages={41--48},
  year={1998},
  organization={Citeseer}
}

@article{tong2001support,
  title={Support vector machine active learning with applications to text classification},
  author={Tong, Simon and Koller, Daphne},
  journal={Journal of machine learning research},
  volume={2},
  number={Nov},
  pages={45--66},
  year={2001}
}

@article{lodhi2002text,
  title={Text classification using string kernels},
  author={Lodhi, Huma and Saunders, Craig and Shawe-Taylor, John and Cristianini, Nello and Watkins, Chris},
  journal={Journal of Machine Learning Research},
  volume={2},
  number={Feb},
  pages={419--444},
  year={2002}
}




