@misc{warren2023renungan,
	author = {Warren, Rick},
	title = {Renungan Harian Rick Warren},
	year = 2023,
	howpublished = {\url{https://my.bible.com/id/reading-plans/135-rick-warrens-daily-devotional}},
	urldate = {2023-05-26}, 
	note = {Accessed: 2023-05-26}
} 

@book{lakshmanan2021practical,
	title={Practical Machine Learning for Computer Vision},
	author={Lakshmanan, Valliappa and G{\"o}rner, Martin and Gillard, Ryan},
	year={2021},
	publisher={O'Reilly Media, Inc.}
}

@book{jain2011handbook,
	title={Handbook of Face Recognition},
	author={Jain, Anil K and Li, Stan Z},
	volume={1},
	year={2011},
	publisher={Springer}
}

@article{goodfellow2020generative,
	title={Generative adversarial networks},
	author={Goodfellow, Ian and Pouget-Abadie, Jean and Mirza, Mehdi and Xu, Bing and Warde-Farley, David and Ozair, Sherjil and Courville, Aaron and Bengio, Yoshua},
	journal={Communications of the ACM},
	volume={63},
	number={11},
	pages={139--144},
	year={2020},
	publisher={ACM New York, NY, USA}
}

@book{elgendy2020deeplearning4vision,
	title={Deep Learning for Vision Systems},
	author={Elgendy, Mohamed},
	year={2020},
	publisher={Manning Publications}
}

@book{asad2020computervision,
	title={The Computer Vision Workshop},
	author={Asad, Hafsa and  Shrimali, Vishwesh Ravi and  Singh,Nikhil},
	year={2020},
	publisher={Packt Publishing}
}

@book{trask2019grokking,
	title={Grokking Deep Learning},
	author={Trask, Andrew W.},
	year={2019},
	publisher={Manning Publications}
}

@book{molnar2019,
	title      = {Interpretable Machine Learning},
	author     = {Christoph Molnar},
	note       = {\url{https://christophm.github.io/interpretable-ml-book/}},
	year       = {2019},
	subtitle   = {A Guide for Making Black Box Models Explainable}
}

@article{shu2017fake,
	title={Fake news detection on social media: A data mining perspective},
	author={Shu, Kai and Sliva, Amy and Wang, Suhang and Tang, Jiliang and Liu, Huan},
	journal={ACM SIGKDD explorations newsletter},
	volume={19},
	number={1},
	pages={22--36},
	year={2017},
	publisher={ACM New York, NY, USA}
}

@inproceedings{goodman2008dirty,
	title={A dirty dozen: twelve p-value misconceptions},
	author={Goodman, Steven},
	booktitle={Seminars in hematology},
	volume={45},
	number={3},
	pages={135--140},
	year={2008},
	organization={Elsevier}
}


@article{elgamal1995people,
	title={Are people Bayesian? Uncovering behavioral strategies},
	author={El-Gamal, Mahmoud A and Grether, David M},
	journal={Journal of the American statistical Association},
	volume={90},
	number={432},
	pages={1137--1145},
	year={1995},
	publisher={Taylor \& Francis}
}


@book{johnson2022bayesrules,
	title={Bayes Rules! An Introduction to Applied Bayesian Modeling},
	author={Johnson, Alicia A. and Ott, Miles Q. and Dogucu, Mine},
	year={2022},
	publisher={Chapman and Hall}
}


@book{aurelien2019handson,
  title={Hands-On Machine Learning with Scikit-Learn, Keras, and TensorFlow: Concepts, Tools, and Techniques to Build Intelligent Systems 2nd Edition},
  author={G{\'e}ron, Aur{\'e}lien},
  year={2019},
  publisher={O'Reilly Media}
}


@book{francois2021deep,
  title={Deep learning with Python, Second Edition},
  author={Chollet, Fran\c{c}ois},
  year={2021},
  publisher={Manning Publications Company}
}

@article{karras2017progressive,
  title={Progressive growing of gans for improved quality, stability, and variation},
  author={Karras, Tero and Aila, Timo and Laine, Samuli and Lehtinen, Jaakko},
  journal={arXiv preprint arXiv:1710.10196},
  year={2017}
}

@misc{kharkovyna2019ABeginnersGuide,
	author = {Kharkovyba, Oleksii},
	title = {A Beginner's Guide to Data Science},
	year = 2019,
	howpublished = {\url{https://towardsdatascience.com/a-beginners-guide-to-data-science-55edd0288973}},
	urldate = {2019-06-10},
	note = {Accessed: 2019-11-14}
}

@misc{ng2019AIForEveryone,
	author = {Ng, Andrew Y},
	title = {AI for Everyone},
	year = 2019,
	howpublished = {\url{https://www.coursera.org/learn/ai-for-everyone/home/welcome}},
	urldate = {2019-11-10},
	note = {Accessed: 2019-11-10}
}

@book{levitin2012introtothedesign,
  title={Introduction to The Design \& Analysis of Algorithms 3rd Edition},
  author={Levitin, Anany},
  year={2012},
  publisher={Pearson Education, Inc.}
}



@book{roughgarden2017illuminatedpart1,
  title={Algorithms Illuminated Part 1: The Basics},
  author={Roughgarden, Tim},
  year={2017},
  publisher={Soundlikeyourself Publishing}
}


@book{cormen2007introtoalgo,
  title={Introduction to Algorithms Second Edition},
  author={Cormen, Thomas H and Leiserson, Charles E and Rivest, Ronald L and Stein, Clifford},
  year={2007},
  publisher={The MIT Press}
}


@book{ferland2008discrete,
  title={Discrete Mathematics 1th Edition},
  author={Ferland, Kevin},
  year={2008},
  publisher={Cengage Learning}
}

@book{lipschutz1997schaum,
  title={Schaum's outline of theories and problems of discrete mathematics Third Edition},
  author={Lipschutz, S and Lipson, M},
  year={2007},
  publisher={New York, NY: McGraw-Hill}
}

@book{johnsonbaugh2009discrete,
  title={Discrete mathematics 7th (seventh) edition},
  author={Johnsonbaugh, Richard},
  year={2009},
  publisher={Pearson}
}

@book{epp2010discrete,
  title={Discrete mathematics with applications 4th edition},
  author={Epp, Susanna S},
  year={2011},
  publisher={Cengage Learning}
}

@book{rosen2011discrete,
  title={Discrete Mathematics and Its Applications 7th edition},
  author={Rosen, Kenneth},
  year={2011},
  publisher={McGraw-Hill Science}
}

@inproceedings{mccallum1998comparison,
  title={A comparison of event models for naive bayes text classification},
  author={McCallum, Andrew and Nigam, Kamal and others},
  booktitle={AAAI-98 workshop on learning for text categorization},
  volume={752},
  pages={41--48},
  year={1998},
  organization={Citeseer}
}

@article{tong2001support,
  title={Support vector machine active learning with applications to text classification},
  author={Tong, Simon and Koller, Daphne},
  journal={Journal of machine learning research},
  volume={2},
  number={Nov},
  pages={45--66},
  year={2001}
}

@article{lodhi2002text,
  title={Text classification using string kernels},
  author={Lodhi, Huma and Saunders, Craig and Shawe-Taylor, John and Cristianini, Nello and Watkins, Chris},
  journal={Journal of Machine Learning Research},
  volume={2},
  number={Feb},
  pages={419--444},
  year={2002}
}




