@book{burgoon2017social,
	title={Social signal processing},
	author={Burgoon, Judee K and Magnenat-Thalmann, Nadia and Pantic, Maja and Vinciarelli, Alessandro},
	year={2017},
	publisher={Cambridge University Press}
}

@misc{floyd2017biological,
	title={Biological and Social Signaling Systems},
	author={Floyd, Kory and Manusov, Valerie},
	year={2017}
}

@misc{dupree2017universal,
	title={Universal Dimensions of Social Signals: Warmth and Competence.},
	author={Dupree, Cydney H and Fiske, Susan T},
	year={2017}
}

@misc{mast2017vertical,
	title={The Vertical Dimension of Social Signaling.},
	author={Mast, Marianne Schmid and Hall, Judith A},
	year={2017}
}

@misc{buck2017measuring,
	title={Measuring Responses to Nonverbal Social Signals: Research on Affect Receiving Ability},
	author={Buck, Ross W and Miller, Mike and Powers, Stacie Renfro},
	year={2017}
}

@article{scherer2017computational,
	title={Computational Analysis of Vocal Expression of Affect: Trends and Challenges},
	author={Scherer, Klaus R and Schuller, Bj{\"o}rn W and Elkins, Aaron},
	journal={Social signal processing},
	volume={56},
	year={2017}
}

@misc{leary2017self,
	title={Self-presentation: Signaling Personal and Social Characteristics.},
	author={Leary, Mark R and Jongman-Sereno, Katrina P},
	year={2017}
}

@misc{burgoon2017interaction,
	title={Interaction Coordination and Adaptation.},
	author={Burgoon, Judee K and Dunbar, Norah E and Giles, Howard},
	year={2017}
}

@misc{crano2017social,
	title={Social Signals and Persuasion.},
	author={Crano, William D and Siegel, Jason T},
	year={2017}
}

@article{valstar201711,
	title={Facial Actions as Social Signals},
	author={Valstar, Michel and Zafeiriou, Stefanos and Pantic, Maja},
	journal={Social signal processing},
	pages={123},
	year={2017},
	publisher={Cambridge University Press}
}

@misc{poppe2017automatic,
	title={Automatic analysis of bodily social signals},
	author={Poppe, RW},
	year={2017}
}

@article{lepri201713,
	title={Computational Approaches for Personality Prediction},
	author={Lepri, Bruno and Pianesi, Fabio},
	journal={Social Signal Processing},
	pages={168},
	year={2017},
	publisher={Cambridge University Press}
}

@article{gunes201714,
	title={Automatic Analysis of Aesthetics: Human Beauty, Attractiveness, and Likability},
	author={Gunes, Hatice and Sch{\"u}ller, Bj{\"o}rn},
	journal={Social Signal Processing},
	pages={183},
	year={2017},
	publisher={Cambridge University Press}
}

@article{chetouani201715,
	title={Interpersonal Synchrony: From Social Perception to Social Interaction},
	author={Chetouani, Mohamed and Delaherche, Emilie and Dumas, Guillaume and Cohen, David},
	journal={Social signal processing},
	pages={202},
	year={2017},
	publisher={Cambridge University Press}
}

@article{gunes201716,
	title={Automatic Analysis of Social Emotions},
	author={Gunes, Hatice and Sch{\"u}ller, Bj{\"o}rn},
	journal={Social Signal Processing},
	pages={213},
	year={2017},
	publisher={Cambridge University Press}
}

@article{vinciarelli201717,
	title={Social Signal Processing for Automatic Role Recognition},
	author={Vinciarelli, Alessandro},
	journal={Social Signal Processing},
	pages={225},
	year={2017},
	publisher={Cambridge University Press}
}

@article{rosakranse201710,
	title={Social Presence in CMC and VR},
	author={Rosakranse, Christine and Nass, Clifford and Oh, Soo Youn},
	journal={Social Signal Processing},
	pages={110},
	year={2017},
	publisher={Cambridge University Press}
}

@article{rudovic20171,
	title={Machine Learning Methods for Social Signal Processing},
	author={Rudovic, Ognjen and Nicolaou, Mihalis A and Pavlovic, Vladimir},
	journal={Social signal processing},
	pages={234},
	year={2017},
	publisher={Cambridge University Press}
}

@article{georgila201719,
	title={Speech Synthesis: State of the Art and Challenges for the Future},
	author={Georgila, Kallirroi},
	journal={Social Signal Processing},
	pages={257},
	year={2017},
	publisher={Cambridge University Press}
}

@article{beck201720,
	title={Body Movements Generation for Virtual Characters and Social Robots},
	author={Beck, Aryel and Yumak, Zerrin and Magnenat-Thalmann, Nadia},
	journal={Social signal processing},
	pages={273},
	year={2017},
	publisher={Cambridge University Press}
}

@article{cavazza201721,
	title={Approach and Dominance as Social Signals for Affective Interfaces},
	author={Cavazza, Marc},
	journal={Social Signal Processing},
	pages={287},
	year={2017},
	publisher={Cambridge University Press}
}

@article{shriram201722,
	title={Virtual reality and prosocial behavior},
	author={Shriram, Ketaki and Oh, Soon Youn and Bailenson, Jeremy},
	journal={Soc. Signal Process.},
	volume={304},
	pages={259--282},
	year={2017}
}

@misc{cristanisocial,
	title={Social Signal Processing for Surveillance},
	author={Cristani, Marco and Cheng, Dong Seon},
	year={2017}
}

@article{gatica201725,
	title={Analysis of Small Groups},
	author={Gatica-Perez, Daniel and Aran, Oya and Jayagopi, Dinesh},
	journal={Social signal processing},
	pages={349},
	year={2017},
	publisher={Cambridge University Press}
}

@article{soleymani201726,
	title={Multimedia Implicit Tagging},
	author={Soleymani, Mohammad and Pantic, Maja},
	journal={Soc. Signal Process},
	pages={368},
	year={2017}
}

@article{vinciarelli201727,
	title={Social Signal Processing for Conflict Analysis and Measurement},
	author={Vinciarelli, Alessandro},
	journal={Social Signal Processing},
	pages={379},
	year={2017},
	publisher={Cambridge University Press}
}

@misc{chetouani2017social,
	title={Social Signal Processing and Socially Assistive Robotics in Developmental Disorders},
	author={Chetouani, Mohamed and Boucenna, Sofiane and Chaby, Laurence and Plaza, Monique and Cohen, David and Chaby, L and Luherne-du Boullay, V and Chetouani, M and Plaza, M and Templier, L and others},
	year={2017}
}

@misc{burgoon2017socialsignals,
	title={Social signals of deception and dishonesty},
	author={Burgoon, Judee K and Metaxas, Dimitris and Bourlai, Thirimachos and Elkins, Aaron},
	year={2017}
}
