@book{warren2017fortydays,
  title={40 days of Prayer Small Group Study Guide},
  author={Warren, Rick},
  year={2017},
  publisher={Zondervan}
}

@article{karras2017progressive,
  title={Progressive growing of gans for improved quality, stability, and variation},
  author={Karras, Tero and Aila, Timo and Laine, Samuli and Lehtinen, Jaakko},
  journal={arXiv preprint arXiv:1710.10196},
  year={2017}
}

@misc{kharkovyna2019ABeginnersGuide,
	author = {Kharkovyba, Oleksii},
	title = {A Beginner's Guide to Data Science},
	year = 2019,
	howpublished = {\url{https://towardsdatascience.com/a-beginners-guide-to-data-science-55edd0288973}},
	urldate = {2019-06-10},
	note = {Accessed: 2019-11-14}
}

@misc{ng2019AIForEveryone,
	author = {Ng, Andrew Y},
	title = {AI for Everyone},
	year = 2019,
	howpublished = {\url{https://www.coursera.org/learn/ai-for-everyone/home/welcome}},
	urldate = {2019-11-10},
	note = {Accessed: 2019-11-10}
}

@book{levitin2012introtothedesign,
  title={Introduction to The Design \& Analysis of Algorithms 3rd Edition},
  author={Levitin, Anany},
  year={2012},
  publisher={Pearson Education, Inc.}
}



@book{roughgarden2017illuminatedpart1,
  title={Algorithms Illuminated Part 1: The Basics},
  author={Roughgarden, Tim},
  year={2017},
  publisher={Soundlikeyourself Publishing}
}


@book{cormen2007introtoalgo,
  title={Introduction to Algorithms Second Edition},
  author={Cormen, Thomas H and Leiserson, Charles E and Rivest, Ronald L and Stein, Clifford},
  year={2007},
  publisher={The MIT Press}
}


@book{ferland2008discrete,
  title={Discrete Mathematics 1th Edition},
  author={Ferland, Kevin},
  year={2008},
  publisher={Cengage Learning}
}

@book{lipschutz1997schaum,
  title={Schaum's outline of theories and problems of discrete mathematics Third Edition},
  author={Lipschutz, S and Lipson, M},
  year={2007},
  publisher={New York, NY: McGraw-Hill}
}

@book{johnsonbaugh2009discrete,
  title={Discrete mathematics 7th (seventh) edition},
  author={Johnsonbaugh, Richard},
  year={2009},
  publisher={Pearson}
}

@book{epp2010discrete,
  title={Discrete mathematics with applications 4th edition},
  author={Epp, Susanna S},
  year={2011},
  publisher={Cengage Learning}
}

@book{rosen2011discrete,
  title={Discrete Mathematics and Its Applications 7th edition},
  author={Rosen, Kenneth},
  year={2011},
  publisher={McGraw-Hill Science}
}

@inproceedings{mccallum1998comparison,
  title={A comparison of event models for naive bayes text classification},
  author={McCallum, Andrew and Nigam, Kamal and others},
  booktitle={AAAI-98 workshop on learning for text categorization},
  volume={752},
  pages={41--48},
  year={1998},
  organization={Citeseer}
}

@article{tong2001support,
  title={Support vector machine active learning with applications to text classification},
  author={Tong, Simon and Koller, Daphne},
  journal={Journal of machine learning research},
  volume={2},
  number={Nov},
  pages={45--66},
  year={2001}
}

@article{lodhi2002text,
  title={Text classification using string kernels},
  author={Lodhi, Huma and Saunders, Craig and Shawe-Taylor, John and Cristianini, Nello and Watkins, Chris},
  journal={Journal of Machine Learning Research},
  volume={2},
  number={Feb},
  pages={419--444},
  year={2002}
}




